@misc{cvxpy,
    title = {CVXPY: A Python Library for Convex Optimization},
    year = {2021},
    url = {https://github.com/cvxpy/cvxpy},
}

@misc{pynacl,
    title = {PyNaCl: Python binding to the libsodium library},
    year = {2023},
    url = {https://github.com/pyca/pynacl},
}

@misc{lz4,
    title = {LZ4 - Extremely fast compression},
    year = {2023},
    url = {https://github.com/lz4/lz4},
}

@article{luo2021cost,
  title={Cost-efficient scheduling of multicast transfers with deadline guarantees across edge datacenters},
  author={Luo, Long and Jin, Qixuan and Xie, Jingzhao and Sun, Gang and Yu, Hongfang},
  journal={IEEE Transactions on Services Computing},
  year={2021},
  publisher={IEEE}
}

@inproceedings{zhang2010optimizing,
  title={Optimizing Cost and Performance in Online Service Provider Networks.},
  author={Zhang, Zheng and Zhang, Ming and Greenberg, Albert G and Hu, Y Charlie and Mahajan, Ratul and Christian, Blaine},
  booktitle={NSDI},
  pages={33--48},
  year={2010}
}

@inproceedings{singh2021cost,
  title={Cost-effective cloud edge traffic engineering with cascara},
  author={Singh, Rachee and Agarwal, Sharad and Calder, Matt and Bahl, Paramvir},
  booktitle={18th USENIX Symposium on Networked Systems Design and Implementation (NSDI 21)},
  pages={201--216},
  year={2021}
}


@misc{libsodium, title={The Sodium cryptography library},
      url={https://download.libsodium.org/doc/}, author={Denis, Frank}, journal={Libsodium},
      year={2013}, month={Jun}}

@misc{gurobi,
  author = {{Gurobi Optimization, LLC}},
  title = {{Gurobi Optimizer Reference Manual}},
  year = 2023,
  url = "https://www.gurobi.com"
}

@inproceedings{DBLP:conf/ipco/RehfeldtK21,
  author    = {Daniel Rehfeldt and
               Thorsten Koch},
  editor    = {Mohit Singh and
               David P. Williamson},
  title     = {Implications, Conflicts, and Reductions for Steiner Trees},
  booktitle = {Integer Programming and Combinatorial Optimization - 22nd International
               Conference, {IPCO} 2021, Atlanta, GA, USA, May 19-21, 2021, Proceedings},
  series    = {Lecture Notes in Computer Science},
  volume    = {12707},
  pages     = {473--487},
  publisher = {Springer},
  year      = {2021},
  url       = {https://doi.org/10.1007/978-3-030-73879-2\_33},
  doi       = {10.1007/978-3-030-73879-2\_33},
  timestamp = {Sun, 16 May 2021 00:14:43 +0200},
  biburl    = {https://dblp.org/rec/conf/ipco/RehfeldtK21.bib},
  bibsource = {dblp computer science bibliography, https://dblp.org}
}

@article{garcia2015cost,
  title={Cost-aware multi data-center bulk transfers in the cloud from a customer-side perspective},
  author={Garc{\'\i}a-Dorado, Jos{\'e} Luis and Rao, Sanjay G},
  journal={IEEE Transactions on Cloud Computing},
  volume={7},
  number={1},
  pages={34--47},
  year={2015},
  publisher={IEEE}
}

@inproceedings{noormohammadpour2018quickcast,
  title={QuickCast: Fast and efficient inter-datacenter transfers using forwarding tree cohorts},
  author={Noormohammadpour, Mohammad and Raghavendra, Cauligi S and Kandula, Srikanth and Rao, Sriram},
  booktitle={IEEE INFOCOM 2018-IEEE Conference on Computer Communications},
  pages={225--233},
  year={2018},
  organization={IEEE}
}

@inproceedings{laoutaris2011inter,
  title={Inter-datacenter bulk transfers with netstitcher},
  author={Laoutaris, Nikolaos and Sirivianos, Michael and Yang, Xiaoyuan and Rodriguez, Pablo},
  booktitle={Proceedings of the ACM SIGCOMM 2011 Conference},
  pages={74--85},
  year={2011}
}

@inproceedings{feng2012jetway,
  title={Jetway: Minimizing costs on inter-datacenter video traffic},
  author={Feng, Yuan and Li, Baochun and Li, Bo},
  booktitle={Proceedings of the 20th ACM international conference on Multimedia},
  pages={259--268},
  year={2012}
}

@inproceedings{jiang2016constructing,
  title={Constructing multiple Steiner trees for software-defined networking multicast},
  author={Jiang, Jehn-Ruey and Chen, Szu-Yuan},
  booktitle={Proceedings of the 11th International Conference on Future Internet Technologies},
  pages={1--6},
  year={2016}
}

@inproceedings{fatemipour2022cost,
  title={A Cost-Effective and Multi-Source-Aware Replica Migration Approach for Geo-Distributed Data Centers},
  author={Fatemipour, Bita and Shi, Wei and St-Hilaire, Marc},
  booktitle={2022 IEEE Cloud Summit},
  pages={17--22},
  year={2022},
  organization={IEEE}
}

@inproceedings{tseng2021codedbulk,
  title={CodedBulk: Inter-Datacenter Bulk Transfers using Network Coding.},
  author={Tseng, Shih-Hao and Agarwal, Saksham and Agarwal, Rachit and Ballani, Hitesh and Tang, Ao},
  booktitle={NSDI},
  pages={15--28},
  year={2021}
}

@article{luo2019deadline,
  title={Deadline-aware fast one-to-many bulk transfers over inter-datacenter networks},
  author={Luo, Long and Kong, Yijing and Noormohammadpour, Mohammad and Ye, Zilong and Sun, Gang and Yu, Hongfang and Li, Bo},
  journal={IEEE Transactions on Cloud Computing},
  volume={10},
  number={1},
  pages={304--321},
  year={2019},
  publisher={IEEE}
}

@misc{zhang2022opt,
      title={OPT: Open Pre-trained Transformer Language Models}, 
      author={Susan Zhang and Stephen Roller and Naman Goyal and Mikel Artetxe and Moya Chen and Shuohui Chen and Christopher Dewan and Mona Diab and Xian Li and Xi Victoria Lin and Todor Mihaylov and Myle Ott and Sam Shleifer and Kurt Shuster and Daniel Simig and Punit Singh Koura and Anjali Sridhar and Tianlu Wang and Luke Zettlemoyer},
      year={2022},
      eprint={2205.01068},
      archivePrefix={arXiv},
      primaryClass={cs.CL}
}

@inproceedings{sima2022ekko,
  title={Ekko: A $\{$Large-Scale$\}$ Deep Learning Recommender System with $\{$Low-Latency$\}$ Model Update},
  author={Sima, Chijun and Fu, Yao and Sit, Man-Kit and Guo, Liyi and Gong, Xuri and Lin, Feng and Wu, Junyu and Li, Yongsheng and Rong, Haidong and Aublin, Pierre-Louis and others},
  booktitle={16th USENIX Symposium on Operating Systems Design and Implementation (OSDI 22)},
  pages={821--839},
  year={2022}
}

@inproceedings{flinn2022owl,
  title={Owl: Scale and Flexibility in Distribution of Hot Content},
  author={Flinn, Jason and Dou, Xianzheng and Aggarwal, Arushi and Boyko, Alex and Richard, Francois and Sun, Eric and Tobagus, Wendy and Wolchko, Nick and Zhou, Fang},
  booktitle={16th USENIX Symposium on Operating Systems Design and Implementation (OSDI 22)},
  pages={1--15},
  year={2022}
}

@inproceedings{matos2009clon,
  title={CLON: Overlay network for clouds},
  author={Matos, Miguel and Sousa, Ant{\'o}nio and Pereira, Jos{\'e} and Oliveira, Rui},
  booktitle={Proceedings of the Third Workshop on Dependable Distributed Data Management},
  pages={14--17},
  year={2009}
}

@inproceedings{kostic2003bullet,
  title={Bullet: High bandwidth data dissemination using an overlay mesh},
  author={Kosti{\'c}, Dejan and Rodriguez, Adolfo and Albrecht, Jeannie and Vahdat, Amin},
  booktitle={Proceedings of the nineteenth ACM symposium on Operating systems principles},
  pages={282--297},
  year={2003}
}

@article{castro2003splitstream,
  title={Splitstream: High-bandwidth multicast in cooperative environments},
  author={Castro, Miguel and Druschel, Peter and Kermarrec, Anne-Marie and Nandi, Animesh and Rowstron, Antony and Singh, Atul},
  journal={ACM SIGOPS operating systems review},
  volume={37},
  number={5},
  pages={298--313},
  year={2003},
  publisher={ACM New York, NY, USA}
}

@misc{wasabi,
  title = {Wasabi},
  howpublished = {\url{https://wasabi.com/}},
  note = {Accessed: 2022-12-08}
}

@misc{blackblaze,
  title = {Blackblaze},
  howpublished = {\url{https://www.backblaze.com/b2/cloud-storage-pricing.html}},
  note = {Accessed: 2022-12-08}
}


@misc{kraken,
  title = {Introducing Kraken, an Open Source Peer-to-Peer Docker Registry},
  howpublished = {\url{https://www.uber.com/blog/introducing-kraken/}},
  note = {Accessed: 2022-12-08}
}

@misc{awsbucket,
  title = {Amazon S3 Replication Adds Support for Multiple Destination Buckets},
  howpublished = {\url{https://aws.amazon.com/blogs/aws/new-amazon-s3-replication-adds-support-for-multiple-destination-buckets/}},
  year={2020},
  author={Villalba, Marcia},
}

@misc{cloudflareegress,
  title = {AWSâ€™s Egregious Egress},
  howpublished = {\url{https://blog.cloudflare.com/aws-egregious-egress/}},
  year={2021},
  author={Prince, Matthew and Rao, Nitin}
}

@article{jain2022skyplane,
  title={Skyplane: Optimizing Transfer Cost and Throughput Using Cloud-Aware Overlays},
  author={Jain, Paras and Kumar, Sam and Wooders, Sarah and Patil, Shishir G and Gonzalez, Joseph E and Stoica, Ion},
  journal={arXiv preprint arXiv:2210.07259},
  year={2022}
}


@inproceedings{andersen2001resilient,
  title={Resilient overlay networks},
  author={Andersen, David and Balakrishnan, Hari and Kaashoek, Frans and Morris, Robert},
  booktitle={Proceedings of the eighteenth ACM symposium on Operating systems principles},
  pages={131--145},
  year={2001}
}

@article{peter2014one,
  title={One tunnel is (often) enough},
  author={Peter, Simon and Javed, Umar and Zhang, Qiao and Woos, Doug and Anderson, Thomas and Krishnamurthy, Arvind},
  journal={ACM SIGCOMM Computer Communication Review},
  volume={44},
  number={4},
  pages={99--110},
  year={2014},
  publisher={ACM New York, NY, USA}
}

@inproceedings{stoica2002internet,
  title={Internet indirection infrastructure},
  author={Stoica, Ion and Adkins, Daniel and Zhuang, Shelley and Shenker, Scott and Surana, Sonesh},
  booktitle={Proceedings of the 2002 Conference on Applications, Technologies, Architectures, and Protocols for Computer Communications},
  pages={73--86},
  year={2002}
}

@article{kohler2000click,
  title={The Click modular router},
  author={Kohler, Eddie and Morris, Robert and Chen, Benjie and Jannotti, John and Kaashoek, M Frans},
  journal={ACM Transactions on Computer Systems (TOCS)},
  volume={18},
  number={3},
  pages={263--297},
  year={2000},
  publisher={ACM New York, NY, USA}
}


@misc{aws-replication,
  key = {AWS Cross-Region Replication},
  title = {AWS Cross-Region Replication},
  howpublished = {\url{https://docs.aws.amazon.com/AmazonS3/latest/userguide/replication.html}},
}


@misc{aws-access-point,
  key = {Amazon S3 Multi-Region Access Points},
  title = {Amazon S3 Multi-Region Access Points},
  howpublished = {\url{https://aws.amazon.com/s3/features/multi-region-access-points/}},
  author={Casalboni, Alex},
  date={2021},
}

@misc{aws-data-transfer-cost,
  key = {Overview of Data Transfer Costs for Common Architectures},
  title = {Overview of Data Transfer Costs for Common Architectures},
  howpublished = {\url{https://aws.amazon.com/blogs/architecture/overview-of-data-transfer-costs-for-common-architectures/}},
  note = {Accessed on 12/15/2022}
}

@misc{gcp-multi-region-bucket,
  key = {GCP Multi-Region bucket},
  title = {GCP Multi-Region bucket},
  howpublished = {\url{https://cloud.google.com/storage/docs/locations\#location-mr}},
  note = {Accessed on 12/15/2022}
}

@inproceedings{cohen2003incentives,
  title={Incentives build robustness in BitTorrent},
  author={Cohen, Bram},
  booktitle={Workshop on Economics of Peer-to-Peer systems},
  volume={6},
  pages={68--72},
  year={2003},
  organization={Berkeley, CA, USA}
}

@misc{facebook-bittorrent,
  key = {Facebook Uses BitTorrent, and They Love It},
  title = {Facebook Uses BitTorrent, and They Love It},
  howpublished = {\url{https://torrentfreak.com/facebook-uses-bittorrent-and-they-love-it-100625/}},
  note = {Accessed on 12/15/2022}
}

@misc{twitter-bittorrent,
  key = {Twitter Uses BitTorrent For Server Deployment},
  title = {Twitter Uses BitTorrent For Server Deployment},
  howpublished = {\url{https://torrentfreak.com/twitter-uses-bittorrent-for-server-deployment-100210/}},
  note = {Accessed on 12/15/2022}
}



@misc{uber-kraken,
  key = {P2P Docker registry capable of distributing TBs of data in seconds},
  title = {P2P Docker registry capable of distributing TBs of data in seconds},
  howpublished = {\url{https://github.com/uber/kraken}},
  note = {Accessed on 12/15/2022}
}

@misc{dragonfly,
  key = {Dragonfly},
  title = {Dragonfly},
  howpublished = {\url{https://github.com/dragonflyoss/Dragonfly}},
  author={Alibaba},
  year = {2018},
  note = {Accessed on 12/15/2022}
}

@inproceedings{ganguly2005fast,
  title={Fast replication in content distribution overlays},
  author={Ganguly, Samrat and Saxena, Akhilesh and Bhatnagar, Sudeept and Izmailov, Rauf and Banerjee, Suman},
  booktitle={Proceedings IEEE 24th Annual Joint Conference of the IEEE Computer and Communications Societies.},
  volume={4},
  pages={2246--2256},
  year={2005},
  organization={IEEE}
}

@article{hwang1992steiner,
  title={Steiner tree problems},
  author={Hwang, Frank K and Richards, Dana S},
  journal={Networks},
  volume={22},
  number={1},
  pages={55--89},
  year={1992},
  publisher={Wiley Online Library}
}

@inproceedings{jannotti2000overcast,
  title={Overcast: Reliable multicasting with an overlay network},
  author={Jannotti, John and Gifford, David K and Johnson, Kirk L and Kaashoek, M Frans and O'Toole Jr, James W},
  booktitle={Fourth Symposium on Operating Systems Design and Implementation (OSDI 2000)},
  year={2000}
}

@inproceedings{hong2018b4,
  title={B4 and after: managing hierarchy, partitioning, and asymmetry for availability and scale in google's software-defined WAN},
  author={Hong, Chi-Yao and Mandal, Subhasree and Al-Fares, Mohammad and Zhu, Min and Alimi, Richard and Bhagat, Chandan and Jain, Sourabh and Kaimal, Jay and Liang, Shiyu and Mendelev, Kirill and others},
  booktitle={Proceedings of the 2018 Conference of the ACM Special Interest Group on Data Communication},
  pages={74--87},
  year={2018}
}

@misc{aws-replication-time-control,
  key = {Meeting compliance requirements using S3 Replication Time Control},
  title = {Meeting compliance requirements using S3 Replication Time Control},
  howpublished = {\url{https://docs.aws.amazon.com/AmazonS3/latest/userguide/replication-time-control.html}},
  note = {Accessed on 12/15/2022}
}

@inproceedings{zaharia2010spark,
  title={Spark: Cluster computing with working sets},
  author={Zaharia, Matei and Chowdhury, Mosharaf and Franklin, Michael J and Shenker, Scott and Stoica, Ion},
  booktitle={2nd USENIX Workshop on Hot Topics in Cloud Computing (HotCloud 10)},
  year={2010}
}

@article{jain2013b4,
  title={B4: Experience with a globally-deployed software defined WAN},
  author={Jain, Sushant and Kumar, Alok and Mandal, Subhasree and Ong, Joon and Poutievski, Leon and Singh, Arjun and Venkata, Subbaiah and Wanderer, Jim and Zhou, Junlan and Zhu, Min and others},
  journal={ACM SIGCOMM Computer Communication Review},
  volume={43},
  number={4},
  pages={3--14},
  year={2013},
  publisher={ACM New York, NY, USA}
}

@INPROCEEDINGS{deadline2018,
  author={Ji, Siqi and Liu, Shuhao and Li, Baochun},
  booktitle={2018 IEEE International Conference on Cloud Engineering (IC2E)}, 
  title={Deadline-Aware Scheduling and Routing for Inter-Datacenter Multicast Transfers}, 
  year={2018},
  volume={},
  number={},
  pages={124-133},
  doi={10.1109/IC2E.2018.00035}}

@article{chu2002case,
  title={A case for end system multicast},
  author={Chu, Yang-hua and Rao, Sanjay G and Seshan, Srinivasan and Zhang, Hui},
  journal={IEEE Journal on selected areas in communications},
  volume={20},
  number={8},
  pages={1456--1471},
  year={2002},
  publisher={IEEE}
}

@inproceedings{skypilot,
  title={{SkyPilot}: {An Intercloud Broker for Sky Computing}},
  author={Yang, Zongheng and Wu, Zhanghao and Luo, Michael and Chiang, Wei-Lin and Bhardwaj, Romil and Kwon, Woosuk and Zhuang, Siyuan and Luan, Sifei and Mittal, Gautam and Shenker, Scott and Stoica, Ion},
  booktitle={20th USENIX Symposium on Networked Systems Design and Implementation (NSDI '23)},
  year={2023},
  month={April}
}

@article{chasins2022sky,
  title={The sky above the clouds},
  author={Chasins, Sarah and Cheung, Alvin and Crooks, Natacha and Ghodsi, Ali and Goldberg, Ken and Gonzalez, Joseph E and Hellerstein, Joseph M and Jordan, Michael I and Joseph, Anthony D and Mahoney, Michael W and others},
  journal={arXiv preprint arXiv:2205.07147},
  year={2022}
}

@inproceedings{zhang2018bds,
  title={BDS: A centralized near-optimal overlay network for inter-datacenter data replication},
  author={Zhang, Yuchao and Jiang, Junchen and Xu, Ke and Nie, Xiaohui and Reed, Martin J and Wang, Haiyang and Yao, Guang and Zhang, Miao and Chen, Kai},
  booktitle={Proceedings of the Thirteenth EuroSys Conference},
  pages={1--14},
  year={2018}
}

@inproceedings{chu2001enabling,
  title={Enabling conferencing applications on the internet using an overlay muilticast architecture},
  author={Chu, Yang and Rao, Sanjay and Seshan, Srinivasan and Zhang, Hui},
  booktitle={Proceedings of the 2001 conference on Applications, technologies, architectures, and protocols for computer communications},
  pages={55--67},
  year={2001}
}

@inproceedings{wu2013spanstore,
  title={SPANStore: Cost-Effective Geo-Replicated Storage Spanning
  bMultiple Cloud Services},
  author={Wu, Zhe and Butkiewicz, Michael and Perkins, Dorian and Katz-Bassett, Ethan and Madhyastha, Harsha V},
  booktitle={Proceedings of the Twenty-Fourth ACM Symposium on Operating Systems Principles},
  pages={292--308},
  year={2013}
}

@misc{aria2,
  title= {aria2 - The ultra fast download utility},
  author={Tsujikawa, Tatsuhiro and Maier, Nils},
  howpublished= {\url{https://github.com/aria2/aria2}},
  year={2008},
}

@misc{gcp_egress_pricing,
    title={All networking pricing},
    howpublished={\url{https://cloud.google.com/vpc/network-pricing}},
    year={2023},
    author={Google Cloud},
}

@misc{aws_egress_pricing,
    title={EC2 On-Demand Instance Pricing},
    howpublished={\url{https://aws.amazon.com/ec2/pricing/on-demand}},
    year={2023},
    author={Amazon AWS},
}

@misc{azure_egress_pricing,
    title={Pricing - Bandwidth},
    howpublished={\url{https://azure.microsoft.com/en-us/pricing/details/bandwidth/}},
    year={2023},
    author={Microsoft Azure}
}